<record xmlns:xsi="http://www.w3.org/2001/XMLSchema-instance" xmlns="http://www.loc.gov/MARC21/slim" xsi:schemaLocation="http://www.loc.gov/MARC21/slim http://www.loc.gov/standards/marcxml/schema/MARC21slim.xsd">

  <leader>00699nam a2200205Ia 4500</leader>
  <datafield ind1=" " tag="999" ind2=" ">
    <subfield code="c">847</subfield>
    <subfield code="d">847</subfield>
  </datafield>
  <controlfield tag="008">170816b1999    cr ||||| |||| 00| | spa d</controlfield>
  <datafield ind2=" " tag="020" ind1=" ">
    <subfield code="a">0209968778532</subfield>
  </datafield>
  <datafield ind1=" " tag="090" ind2=" ">
    <subfield code="a">04.02.01 </subfield>
    <subfield code="b">97</subfield>
  </datafield>
  <datafield ind2=" " ind1="2" tag="110">
    <subfield code="a">Instituto Interamericano de Derechos Humanos</subfield>
    <subfield code="9">598</subfield>
  </datafield>
  <datafield tag="245" ind1="1" ind2="0">
    <subfield code="a">Estudios básicos de derechos humanos IX /</subfield>
    <subfield code="c">Instituto Interamericano de Derechos Humanos</subfield>
  </datafield>
  <datafield ind2=" " tag="260" ind1=" ">
    <subfield code="a">San José, Costa Rica : </subfield>
    <subfield code="b">IIDH, </subfield>
    <subfield code="c">1999</subfield>
  </datafield>
  <datafield ind2=" " ind1=" " tag="300">
    <subfield code="a">462 páginas</subfield>
  </datafield>
  <datafield ind2=" " tag="490" ind1=" ">
    <subfield code="a">Estudios Básicos de Derechos Humanos, </subfield>
    <subfield code="v">9</subfield>
  </datafield>
  <datafield ind2="4" ind1="1" tag="650">
    <subfield code="a">DERECHOS HUMANOS</subfield>
    <subfield code="9">588</subfield>
  </datafield>
  <datafield ind2="4" ind1="1" tag="650">
    <subfield code="a">ENSEÑANZA</subfield>
    <subfield code="9">14</subfield>
  </datafield>
  <datafield ind2="4" ind1="1" tag="650">
    <subfield code="a">REFORMA DE LA EDUCACIÓN</subfield>
    <subfield code="9">7</subfield>
  </datafield>
  <datafield ind2="4" ind1="1" tag="650">
    <subfield code="a">DERECHO A LA EDUCACIÓN</subfield>
    <subfield code="9">599</subfield>
  </datafield>
  <datafield ind2="4" tag="650" ind1="1">
    <subfield code="a">MATERIAL DIDÁCTICO</subfield>
    <subfield code="9">785</subfield>
  </datafield>
  <datafield tag="942" ind1=" " ind2=" ">
    <subfield code="2">z</subfield>
    <subfield code="c">01</subfield>
  </datafield>
</record>